ISA*00*          *00*          *08*925485US00     *12*8183710826     *220225*1909*:*00501*820101541*0*P*>~
GS*RA*925485US00*8183710826*20220824*1341*820101541*X*005010~
ST*820*101549~
BPR*I*231108.51*C*CHK************20220225*VEN~
TRN*3*8026848~
CUR*PR*USD~
N1*PR*WALMART INC.*UL*0078742000008~
N1*PE*GT S LIVING FOODS, LLC~
REF*IA*456160~
ENT*1~
RMR*IV*10078557*PO*10407.35*10755.84*215.12~
REF*PO*0635876713~
REF*DP*00095~
REF*MR*0020~
REF*19*07~
REF*ST*0078742034324~
REF*MC*611302857~
DTM*097*20220123~
ADX*-133.37*01*CM*10078557~
REF*6O*010~
REF*MC*000000025~
RMR*IV*10078560*PO*16411.73*16961.28*339.23~
REF*PO*0635876801~
REF*DP*00095~
REF*MR*0020~
REF*19*07~
REF*ST*0078742045962~
REF*MC*611302858~
DTM*097*20220123~
ADX*-210.32*01*CM*10078560~
REF*6O*010~
REF*MC*000000025~
RMR*IV*10078562*PO*5350.44*5529.6*110.59~
REF*PO*0635876682~
REF*DP*00095~
REF*MR*0020~
REF*19*07~
REF*ST*0078742039374~
REF*MC*611302859~
DTM*097*20220123~
ADX*-68.57*01*CM*10078562~
REF*6O*010~
REF*MC*000000025~
RMR*IV*10078569*PO*5669.98*5859.84*117.2~
REF*PO*0635876649~
REF*DP*00095~
REF*MR*0020~
REF*19*07~
REF*ST*0078742032528~
REF*MC*611302860~
DTM*097*20220123~
ADX*-72.66*01*CM*10078569~
REF*6O*010~
REF*MC*000000025~
RMR*IV*10078575*PO*6533.86*6752.64*135.05~
REF*PO*0635876771~
REF*DP*00095~
REF*MR*0020~
REF*19*07~
REF*ST*0078742058528~
REF*MC*611302861~
DTM*097*20220123~
ADX*-83.73*01*CM*10078575~
REF*6O*010~
REF*MC*000000025~
RMR*IV*10078588*PO*8664.74*8954.88*179.1~
REF*PO*0635876721~
REF*DP*00095~
REF*MR*0020~
REF*19*07~
REF*ST*0078742035499~
REF*MC*611302864~
DTM*097*20220123~
ADX*-111.04*01*CM*10078588~
REF*6O*010~
REF*MC*000000025~
RMR*IV*10078593*PO*6673.19*6896.64*137.93~
REF*PO*0635876651~
REF*DP*00095~
REF*MR*0020~
REF*19*07~
REF*ST*0078742032610~
REF*MC*611302865~
DTM*097*20220123~
ADX*-85.52*01*CM*10078593~
REF*6O*010~
REF*MC*000000025~
RMR*IV*10078600*PO*8010.8*8279.04*165.58~
REF*PO*0635876772~
REF*DP*00095~
REF*MR*0020~
REF*19*07~
REF*ST*0078742085654~
REF*MC*611302867~
DTM*097*20220123~
ADX*-102.66*01*CM*10078600~
REF*6O*010~
REF*MC*000000025~
RMR*IV*10078606*PO*4993.74*5160.96*103.22~
REF*PO*0635876654~
REF*DP*00095~
REF*MR*0020~
REF*19*07~
REF*ST*0078742032887~
REF*MC*611302869~
DTM*097*20220123~
ADX*-64*01*CM*10078606~
REF*6O*010~
REF*MC*000000025~
RMR*IV*10078609*PO*5071.77*5241.6*104.83~
REF*PO*0635876670~
REF*DP*00095~
REF*MR*0020~
REF*19*07~
REF*ST*0078742039367~
REF*MC*611302871~
DTM*097*20220123~
ADX*-65*01*CM*10078609~
REF*6O*010~
REF*MC*000000025~
RMR*IV*10078610*PO*13067.7*13505.28*270.11~
REF*PO*0635876762~
REF*DP*00095~
REF*MR*0020~
REF*19*07~
REF*ST*0078742042428~
REF*MC*611302872~
DTM*097*20220123~
ADX*-167.47*01*CM*10078610~
REF*6O*010~
REF*MC*000000025~
RMR*IV*10078612*PO*6673.19*6896.64*137.93~
REF*PO*0635876655~
REF*DP*00095~
REF*MR*0020~
REF*19*07~
REF*ST*0078742033877~
REF*MC*611302874~
DTM*097*20220123~
ADX*-85.52*01*CM*10078612~
REF*6O*010~
REF*MC*000000025~
RMR*IV*10078623*PO*19880.23*20545.92*410.92~
REF*PO*0635876707~
REF*DP*00095~
REF*MR*0020~
REF*19*07~
REF*ST*0078742033150~
REF*MC*611302877~
DTM*097*20220123~
ADX*-254.77*01*CM*10078623~
REF*6O*010~
REF*MC*000000025~
RMR*IV*10078625*PO*17385.21*17967.36*359.35~
REF*PO*0635876717~
REF*DP*00095~
REF*MR*0020~
REF*19*07~
REF*ST*0078742034959~
REF*MC*611302878~
DTM*097*20220123~
ADX*-222.8*01*CM*10078625~
REF*6O*010~
REF*MC*000000025~
RMR*IV*10078633*PO*11185.76*11560.32*231.21~
REF*PO*0635876693~
REF*DP*00095~
REF*MR*0020~
REF*19*07~
REF*ST*0078742088228~
REF*MC*611302880~
DTM*097*20220123~
ADX*-143.35*01*CM*10078633~
REF*6O*010~
REF*MC*000000025~
RMR*IV*10078635*PO*12662.71*13086.72*261.73~
REF*PO*0635876697~
REF*DP*00095~
REF*MR*0020~
REF*19*07~
REF*ST*0078742033969~
REF*MC*611302882~
DTM*097*20220123~
ADX*-162.28*01*CM*10078635~
REF*6O*010~
REF*MC*000000025~
RMR*IV*10078637*PO*7995.94*8263.68*165.27~
REF*PO*0635876734~
REF*DP*00095~
REF*MR*0020~
REF*19*07~
REF*ST*0078742045870~
REF*MC*611302884~
DTM*097*20220123~
ADX*-102.47*01*CM*10078637~
REF*6O*010~
REF*MC*000000025~
RMR*IV*10078638*PO*13207.04*13649.28*272.99~
REF*PO*0635876739~
REF*DP*00095~
REF*MR*0020~
REF*19*07~
REF*ST*0078742035314~
REF*MC*611302885~
DTM*097*20220123~
ADX*-169.25*01*CM*10078638~
REF*6O*010~
REF*MC*000000025~
RMR*IV*10078639*PO*11055.72*11425.92*228.52~
REF*PO*0635876741~
REF*DP*00095~
REF*MR*0020~
REF*19*07~
REF*ST*0078742042220~
REF*MC*611302886~
DTM*097*20220123~
ADX*-141.68*01*CM*10078639~
REF*6O*010~
REF*MC*000000025~
RMR*IV*10078640*PO*11869.43*12266.88*245.34~
REF*PO*0635876749~
REF*DP*00095~
REF*MR*0020~
REF*19*07~
REF*ST*0078742042091~
REF*MC*611302887~
DTM*097*20220123~
ADX*-152.11*01*CM*10078640~
REF*6O*010~
REF*MC*000000025~
RMR*IV*10078646*PO*9528.62*9847.68*196.95~
REF*PO*0635876812~
REF*DP*00095~
REF*MR*0020~
REF*19*07~
REF*ST*0078742094670~
REF*MC*611302893~
DTM*097*20220123~
ADX*-122.11*01*CM*10078646~
REF*6O*010~
REF*MC*000000025~
RMR*IV*10078647*PO*9333.55*9646.08*192.92~
REF*PO*0635905498~
REF*DP*00095~
REF*MR*0020~
REF*19*07~
REF*ST*0078742096933~
REF*MC*611302894~
DTM*097*20220123~
ADX*-119.61*01*CM*10078647~
REF*6O*010~
REF*MC*000000025~
RMR*IV*10078695*PO*14750.21*15206.4*304.13~
REF*PO*0636055237~
REF*DP*00064~
REF*MR*0020~
REF*19*07~
REF*ST*0078742078021~
REF*MC*615303433~
DTM*097*20220124~
ADX*-152.06*82*CM*10078695~
REF*6O*059~
REF*MC*000000025~
RMR*IV*4561600122*PO*-5536*-5536~
REF*19*05~
REF*ST*0078742036373~
REF*MC*000072912~
DTM*097*20220125~
RMR*IV*5800420220215*PO*151.2*151.2~
REF*19*05~
REF*ST*0078742035932~
REF*MC*000000035~
DTM*097*20220215~
RMR*IV*5800420220216*PO*110.4*110.4~
REF*19*05~
REF*ST*0078742035932~
REF*MC*000000035~
DTM*097*20220216~
SE*277*101549~
GE*1*820101541~
IEA*1*820101541~
